@book{mcK15, place={Upper Saddle River}, title={The design and implementation of the FreeBSD operating system}, publisher={Addison-Wesley/Pearson}, author={McKusick, Marshall Kirk. and Neville-Neil, George V. and Watson, Robert N. M.}, year={2015}}

@book{russ121, place={Redmond, WA}, title={Windows internals}, publisher={Microsoft Press}, author={Russinovich, Mark E. and Solomon, David A. and Ionescu, Alex}, year={2012}}

@book{russ122, place={Redmond, WA}, title={Windows internals, Part 2}, publisher={Microsoft}, author={Russinovich, Mark E. and Ionescu, Alex and Solomon, David A.}, year={2012}}
