
@book{windows1, place={Redmond, WA}, title={Windows internals}, publisher={Microsoft Press}, author={Russinovich, Mark E. and Solomon, David A. and Ionescu, Alex}, year={2012}}

@book{windows2, place={Redmond, WA}, title={Windows internals, Part 2}, publisher={Microsoft}, author={Russinovich, Mark E. and Ionescu, Alex and Solomon, David A.}, year={2012}}

@book{windows3,
 author = {Hart, Johnson M.},
 title = {Windows System Programming (3rd Edition)},
 year = {2004},
 isbn = {0321256190},
 publisher = {Addison-Wesley Professional},
}  

@book{linux1,
 author = {Kerrisk, Michael},
 title = {The Linux Programming Interface: A Linux and UNIX System Programming Handbook},
 year = {2010},
 isbn = {1593272200, 9781593272203},
 edition = {1st},
 publisher = {No Starch Press},
 address = {San Francisco, CA, USA},
}

@Book{linux2,
  Title                    = {Unix and Linux System Administration Handbook},
  Annote                   = {SIGNATUR=2013-23832},
  Author                   = {Evi Nemeth and Garth Snyder and Trent R. Hein and Ben Whaley},
  Keywords                 = {FUNDAMENTALS computersciences},
  Publisher                = {Prentice Hall},
  Year                     = {2011},

  Owner                    = {niki},
  Timestamp                = {2014.04.08}
}

@book{freeBSD1, place={Upper Saddle River}, title={The design and implementation of the FreeBSD operating system}, publisher={Addison-Wesley/Pearson}, author={McKusick, Marshall Kirk. and Neville-Neil, George V. and Watson, Robert N. M.}, year={2015}}

@misc{freeBSD2, title={FreeBSD System Programming}, url={http://www.khmere.com/freebsd_book/index.html}, journal={FreeBSD system programming}, author={Boeger, Nathan and Tominaga, Mana}, year={2001}}

@book{freeBSD3,
 author = {Lehey, Greg and McKusick, Marshall Kirk},
 title = {The Complete FreeBSD},
 year = {2003},
 isbn = {0596005164},
 edition = {4},
 publisher = {O'Reilly \& Associates, Inc.},
 address = {Sebastopol, CA, USA},
} 
