@book{windows, place={Redmond, WA}, title={Windows internals, Part 2}, publisher={Microsoft}, author={Russinovich, Mark E. and Ionescu, Alex and Solomon, David A.}, year={2012}}

@misc{turpitka, title={Linux vs. Windows device driver model: architecture, APIs and build environment comparison}, url={http://xmodulo.com/linux-vs-windows-device-driver-model.html}, journal={Xmodulo}, author={Turpitka, Dennus}, year={2016}, month={May}}

@misc{freebsd, title={I/O System}, url={https://www.freebsd.org/doc/en/books/design-44bsd/overview-io-system.html}, journal={FreeBSD}}
